@book{aho2007compilers,
  title={Compilers: principles, techniques, \& tools},
  author={Aho, A.V.},
  isbn={9780321486813},
  lccn={2006024333},
  series={Addison-Wesley series in computer science},
  url={http://books.google.com/books?id=dIU\_AQAAIAAJ},
  year={2007},
  publisher={Pearson/Addison Wesley},
  pages = {85-90}
}

@ONLINE{ASM,
    author = "{ASM bytecode generation library}",
    title = "Website ASM",
    month = juli,
    year = 2011,
    url = {http://asm.ow2.org/}
}
