@book{parr2007definitive,
  title={The definitive ANTLR reference: building domain-specific languages},
  author={Parr, T.},
  year={2007},
  publisher={Pragmatic Bookshelf}
}